<?xml version="1.0" encoding="UTF-8"?><record xmlns="http://www.loc.gov/MARC21/slim" xmlns:cinclude="http://apache.org/cocoon/include/1.0" xmlns:zs="http://www.loc.gov/zing/srw/">
  <leader>00834cz  a2200181n  4500</leader>
  <controlfield tag="001">n  88205118 </controlfield>
  <controlfield tag="003">DLC</controlfield>
  <controlfield tag="005">20130419074835.0</controlfield>
  <controlfield tag="008">890722n| azannaabn          |a aaa      </controlfield>
  <datafield tag="010" ind1=" " ind2=" ">
    <subfield code="a">n  88205118 </subfield>
  </datafield>
  <datafield tag="035" ind1=" " ind2=" ">
    <subfield code="a">(OCoLC)oca02566041</subfield>
  </datafield>
  <datafield tag="040" ind1=" " ind2=" ">
    <subfield code="a">DLC</subfield>
    <subfield code="b">eng</subfield>
    <subfield code="e">rda</subfield>
    <subfield code="c">DLC</subfield>
    <subfield code="d">DLC</subfield>
    <subfield code="d">HU</subfield>
    <subfield code="d">DLC</subfield>
  </datafield>
  <datafield tag="100" ind1="1" ind2=" ">
    <subfield code="a">Crane, George T.,</subfield>
    <subfield code="d">1957-</subfield>
  </datafield>
  <datafield tag="400" ind1="1" ind2=" ">
    <subfield code="a">Crane, Sam,</subfield>
    <subfield code="d">1957-</subfield>
  </datafield>
  <datafield tag="670" ind1=" " ind2=" ">
    <subfield code="a">The political economy of China's special economic zones, c1989:</subfield>
    <subfield code="b">CIP t.p. (George T. Crane) data sheet (b. 1957)</subfield>
  </datafield>
  <datafield tag="670" ind1=" " ind2=" ">
    <subfield code="a">Email from MWiW, Sept. 25, 2002</subfield>
    <subfield code="b">(George T. (Sam) Crane is the author of Aidan's way)</subfield>
  </datafield>
  <datafield tag="670" ind1=" " ind2=" ">
    <subfield code="a">Williams College, Dept. of Political Science faculty Web site, Sept. 26, 2002</subfield>
    <subfield code="b">(George T. (Sam) Crane; associate professor of political science; Ph. D., University of Wisconsin)</subfield>
  </datafield>
  <datafield tag="670" ind1=" " ind2=" ">
    <subfield code="a">LCCN 2002003137: Aidan's way, 2002</subfield>
    <subfield code="b">(usage: Sam Crane)</subfield>
  </datafield>
</record>